@book{ttd,
author = {K. Beck.},
title = {Test-driven Development: By Example},
publisher = {Addison-Wesley},
year = {2003}
}

@book{sg,
author = {W. Press et al.},
title = {Numerical recipes in C: the art of scientific computing},
publisher = {Cambridge University Press New York},
year = {1992}
}